<record><leader>00000cas a22000007a 4500</leader><controlfield tag="001">29551595</controlfield><controlfield tag="008">931227d189u190uokuwr ne      0    0eng d</controlfield><datafield ind1=" " ind2=" " tag="010"><subfield code="a">sn 93066284 </subfield></datafield><datafield ind1=" " ind2=" " tag="040"><subfield code="a">OBN</subfield><subfield code="b">eng</subfield><subfield code="c">OBN</subfield><subfield code="d">OCL</subfield><subfield code="d">OCLCQ</subfield></datafield><datafield ind1=" " ind2=" " tag="042"><subfield code="a">msc</subfield></datafield><datafield ind1="0" ind2=" " tag="130"><subfield code="a">Independent (Coalgate, Okla.)</subfield></datafield><datafield ind1="1" ind2="4" tag="245"><subfield code="a">The Independent.</subfield></datafield><datafield ind1=" " ind2=" " tag="260"><subfield code="a">Coalgate, I.T. [Okla.] :</subfield><subfield code="b">G.E. John</subfield></datafield><datafield ind1=" " ind2=" " tag="300"><subfield code="a">v.</subfield></datafield><datafield ind1=" " ind2=" " tag="310"><subfield code="a">Weekly</subfield></datafield><datafield ind1=" " ind2=" " tag="588"><subfield code="a">Description based on: Vol. 2, no. 35 (Oct. 26, 1894).</subfield></datafield><datafield ind1=" " ind2="4" tag="651"><subfield code="a">Coalgate (Okla.)</subfield><subfield code="v">Newspapers.</subfield></datafield><datafield ind1=" " ind2="4" tag="651"><subfield code="a">Coal County (Okla.)</subfield><subfield code="v">Newspapers.</subfield></datafield><datafield ind1=" " ind2="4" tag="651"><subfield code="a">Indian Territory (Okla.)</subfield><subfield code="v">Newspapers.</subfield></datafield><datafield ind1=" " ind2=" " tag="752"><subfield code="a">United States</subfield><subfield code="b">Oklahoma</subfield><subfield code="c">Coal</subfield><subfield code="d">Coalgate.</subfield></datafield><datafield ind1="0" ind2="0" tag="780"><subfield code="t">Twin Cities independent</subfield></datafield><datafield ind1="0" ind2="0" tag="785"><subfield code="t">Coalgate record</subfield><subfield code="w">(DLC)sn 93066135</subfield><subfield code="w">(OCoLC)29000610</subfield></datafield><datafield ind1="1" ind2=" " tag="029"><subfield code="a">AU@</subfield><subfield code="b">000010738271</subfield></datafield></record>